@misc{ADHM10,
    author={Danilo Díaz Tarascó},
    title={Personal-Altium-Library},
    date={2019-04-29},
    location={Medellín},
    url={https://github.com/ddtdanilo/Personal-Altium-Library}
}